<?xml version="1.0" encoding="UTF-8"?>
<record xmlns="http://www.loc.gov/MARC21/slim" xmlns:xsi="http://www.w3.org/2001/XMLSchema-instance" xsi:schemaLocation="http://www.loc.gov/MARC21/slim http://www.loc.gov/standards/marcxml/schema/MARC21slim.xsd">
<leader>     cam a2200301 a 4500</leader>
<controlfield tag="001">002766672</controlfield>
<controlfield tag="003">NNU</controlfield>
<controlfield tag="005">20061010172032.0</controlfield>
<controlfield tag="008">860609s1965    iq ab         000 0 arar</controlfield>
<datafield tag="010" ind1=" " ind2=" ">
<subfield code="a">ne 66001082</subfield>
</datafield>
<datafield tag="035" ind1="9" ind2=" ">
<subfield code="a">NYUb10468514</subfield>
</datafield>
<datafield tag="035" ind1=" " ind2=" ">
<subfield code="a">(CStRLIN)NYUG86-B19452</subfield>
</datafield>
<datafield tag="040" ind1=" " ind2=" ">
<subfield code="c">NN</subfield>
<subfield code="d">NN</subfield>
<subfield code="d">NNU</subfield>
</datafield>
<datafield tag="043" ind1=" " ind2=" ">
<subfield code="a">a-iq---</subfield>
</datafield>
<datafield tag="050" ind1="0" ind2=" ">
<subfield code="a">DS76</subfield>
<subfield code="b">.A65</subfield>
</datafield>
<datafield tag="066" ind1=" " ind2=" ">
<subfield code="c">(3</subfield>
</datafield>
<datafield tag="090" ind1=" " ind2=" ">
<subfield code="a">DS76</subfield>
<subfield code="b">.A65</subfield>
</datafield>
<datafield tag="100" ind1="1" ind2=" ">
<subfield code="6">880-01</subfield>
<subfield code="a">Amīn, Ḥusayn.</subfield>
</datafield>
<datafield tag="245" ind1="1" ind2="0">
<subfield code="6">880-02</subfield>
<subfield code="a">Tārīkh al-ʻIrāq fī al-ʻasr al-Saljūqī /</subfield>
<subfield code="c">taʼlīf Ḥusayn Amīn.</subfield>
</datafield>
<datafield tag="246" ind1="1" ind2="5">
<subfield code="a">History of Iraq in the Seljuqid era</subfield>
</datafield>
<datafield tag="260" ind1=" " ind2=" ">
<subfield code="6">880-03</subfield>
<subfield code="a">Baghdād</subfield>
<subfield code="b">al-Maktabah al-Ahlīyah,</subfield>
<subfield code="c">1965.</subfield>
</datafield>
<datafield tag="300" ind1=" " ind2=" ">
<subfield code="a">487 p. :</subfield>
<subfield code="b">ill., maps. ;</subfield>
<subfield code="c">25 cm.</subfield>
</datafield>
<datafield tag="500" ind1=" " ind2=" ">
<subfield code="a">Risālat al-Duktūrāh - Jāmiʻat Baghdād.</subfield>
</datafield>
<datafield tag="500" ind1=" " ind2=" ">
<subfield code="a">Bibliography: p. 431-453.</subfield>
</datafield>
<datafield tag="651" ind1=" " ind2="0">
<subfield code="a">Iraq</subfield>
<subfield code="x">History.</subfield>
</datafield>
<datafield tag="880" ind1="1" ind2=" ">
<subfield code="6">100-01/</subfield>
<subfield code="a">أمين، حسين.</subfield>
</datafield>
<datafield tag="880" ind1="1" ind2="0">
<subfield code="6">245-02/</subfield>
<subfield code="a">تاريخ العراق في العصر السلجوقي /</subfield>
<subfield code="c">تأليف حسين أمين.</subfield>
</datafield>
<datafield tag="880" ind1=" " ind2=" ">
<subfield code="6">260-03/</subfield>
<subfield code="a">بغداد :</subfield>
<subfield code="b">المكتبة الاهلية،</subfield>
<subfield code="c">١٩٦٥.</subfield>
</datafield>
<datafield tag="OWN" ind1=" " ind2=" ">
<subfield code="a">GENERAL</subfield>
</datafield>
<datafield tag="998" ind1=" " ind2=" ">
<subfield code="a">20000519</subfield>
<subfield code="d">19860609</subfield>
<subfield code="d">20020429</subfield>
<subfield code="n">NNU</subfield>
<subfield code="s">1</subfield>
<subfield code="t">c</subfield>
<subfield code="z">e</subfield>
</datafield>
<datafield tag="AVA" ind1=" " ind2=" ">
<subfield code="a">NYU50</subfield>
<subfield code="b">BOBST</subfield>
<subfield code="c">Main Collection</subfield>
<subfield code="d">DS76 .A65</subfield>
<subfield code="e">unavailable</subfield>
<subfield code="t">Unavailable</subfield>
<subfield code="f">1</subfield>
<subfield code="g">1</subfield>
<subfield code="h">N</subfield>
<subfield code="i">0</subfield>
<subfield code="j">MAIN</subfield>
<subfield code="k">0</subfield>
</datafield>
</record>
